@article{harper2022,
  author = {Robert Harper},
  title = {How to (Re)Invent Taitâ€™s Method},
  year = {2022}
}